<?xml version="1.0" encoding="UTF-8"?><record xmlns="http://www.loc.gov/MARC21/slim" xmlns:cinclude="http://apache.org/cocoon/include/1.0" xmlns:zs="http://www.loc.gov/zing/srw/">
  <leader>00390nz  a2200133n  4500</leader>
  <controlfield tag="001">nb2006011590</controlfield>
  <controlfield tag="003">DLC</controlfield>
  <controlfield tag="005">20060517051327.0</controlfield>
  <controlfield tag="008">060516n| acannaabn          |n ana      </controlfield>
  <datafield tag="010" ind1=" " ind2=" ">
    <subfield code="a">nb2006011590</subfield>
  </datafield>
  <datafield tag="035" ind1=" " ind2=" ">
    <subfield code="a">(Uk)006485216</subfield>
  </datafield>
  <datafield tag="040" ind1=" " ind2=" ">
    <subfield code="a">Uk</subfield>
    <subfield code="b">eng</subfield>
    <subfield code="c">Uk</subfield>
  </datafield>
  <datafield tag="110" ind1="2" ind2=" ">
    <subfield code="a">Friends of Washington Old Hall</subfield>
  </datafield>
  <datafield tag="670" ind1=" " ind2=" ">
    <subfield code="a">Frederick Hill and Washington Old Hall, 2005:</subfield>
    <subfield code="b">verso t.p. (Friends of Washington Old Hall)</subfield>
  </datafield>
</record>